@misc{EbClectic,
	author = {EbClectic},
	year = {2014},
	url = {https://www.youtube.com/watch?v=xyjOjT8d8RI},
}

@misc{Quving,
	author = {Quving},
	url = {https://github.com/Quving/povray-space-waltz},
	year = {2018},
}

@misc{VegasPro,
	author = {Vegas Pro},
	url = {http://www.vegascreativesoftware.com/de/vegas-pro/},
	year = {2018},
}

@misc{3DSMAX,
  author = {Autodesk},
  year = {2018},
  url = {https://www.autodesk.com/products/3ds-max/overview}
}

@misc{Archive,
  author = {B. J. West},
  year = {2016},
  url = {http://www.2001-3d-archive.info}
}

@misc{PoseRay,
  author = {},
  year = {2016},
  url = {https://sites.google.com/view/poseray}
}
